@article{cbp1.5,
    author    = {Pierre Michaud},
    title     = {A ppm-like, tag-based predictor},
    month     = {April},
    year      = {2005},
    journal   = {Journal of Instruction Level Parallelism},
    volume    = {7},
    url       = {https://www.jilp.org/vol7/v7paper10.pdf}
}

@article{ltage,
    author    = {André Seznec},
    title     = {The L-TAGE branch predictor},
    month     = {May},
    year      = {2007},
    journal   = {Journal of Instruction Level Parallelism},
    volume    = {9},
    url       = {https://www.jilp.org/vol9}
}

@manual{combine-bp,
    author       = {Scott McFarling},
    title        = {Combining Branch Predictors},
    month        = {June},
    year         = {1993},
    organization = {DEC WRL, TN 36},
    url          = {http://www.hpl.hp.com/techreports/Compaq-DEC/WRL-TN-36.pdf}
}

@inproceedings{ogehl,
    author    = {André Seznec},
    title     = {Analysis of the o-gehl branch predictor},
    month     = {June},
    year      = {2005},
    booktitle = {Proceedings of the 32nd Annual Symposium on Computer Architecture}
}

@inproceedings{tagescl,
    author    = {André Seznec},
    title     = {TAGE-SC-L Branch Predictors},
    month     = {June},
    year      = {2014},
    booktitle = {Proceedings of the 4th Championship Branch Prediction}
}

@inproceedings{cbp1.1,
    author    = {Hongliang Gao and Huiyang Zhou},
    title     = {Adaptive Information Processing: An Effective Way to Improve Perceptron Predictors},
    month     = {June},
    year      = {2005},
    booktitle = {Proceedings of the 1st Championship Branch Prediction}
}

@article{Tange2011a,
  title   = {GNU Parallel - The Command-Line Power Tool},
  author  = {O. Tange},
  address = {Frederiksberg, Denmark},
  journal = {;login: The USENIX Magazine},
  month   = {Feb},
  number  = {1},
  volume  = {36},
  url     = {http://www.gnu.org/s/parallel},
  year    = {2011},
  pages   = {42-47},
  doi     = {http://dx.doi.org/10.5281/zenodo.16303}
}
